
    <zs:record>
      <zs:recordPacking>xml</zs:recordPacking>
      <zs:recordData>
        <record xmlns="http://www.loc.gov/MARC21/slim">
          <leader>00523nz a2200145 4500</leader>
          <controlfield tag="001">30000147</controlfield>
          <controlfield tag="003">RISM</controlfield>
          <controlfield tag="005">20121108</controlfield>
          <controlfield tag="008">121108n||az|||||||##########||||||||||||</controlfield>
          <datafield tag="043" ind1=" " ind2=" ">
            <subfield code="c">Norway</subfield>
          </datafield>
          <datafield tag="110" ind1="2" ind2=" ">
            <subfield code="a">Gunnerusbiblioteket, Universitetsbiblioteket</subfield>
            <subfield code="c">Trondheim</subfield>
            <subfield code="g">N-T</subfield>
          </datafield>
          <datafield tag="410" ind1="2" ind2=" ">
            <subfield code="a">Kongelige Norske Videnskabers Selskab, Biblioteket</subfield>
          </datafield>
          <datafield tag="622" ind1=" " ind2=" ">
            <subfield code="e">Gunnerusbiblioteket,, Universitetsbiblioteket, Kalvskinnsgata 1B, 7012 Trondheim,
              Norway</subfield>
            <subfield code="u">http://www.ntnu.no/ub/omubit/bibliotekene/gunnerus-1</subfield>
          </datafield>
          <datafield tag="670" ind1="2" ind2=" ">
            <subfield code="a">277</subfield>
          </datafield>
          <datafield tag="852" ind1="2" ind2=" ">
            <subfield code="b">63.4288293, 10.3854573</subfield>
          </datafield>
          <idzebra xmlns="http://www.indexdata.dk/zebra/">
            <size>523</size>
            <score>761</score>
            <localnumber>832678</localnumber>
            <filename>sigla/sigla.mrc</filename>
          </idzebra>
        </record>
      </zs:recordData>
      <zs:recordPosition>11</zs:recordPosition>
    </zs:record>